% [1] in SBPA2018
@article{1Want2015EnablingTI,
  title={Enabling the Internet of Things},
  author={Roy Want and Bill N. Schilit and Scott Jenson},
  journal={Computer},
  year={2015},
  volume={48},
  pages={28-35}
}

% [2] in SBPA2018
@misc{2Ham2017TDC,
  title={Tizen Unified \& Configurable: Create {OS} for Any {IoT} and Smart Devices On-The-Fly with Minimal Resources},
  author={MyungJoo Ham},
  howpublished = {Tizen Developer Conference},
  month = {May},
  year = {2017},
  note = {Talk}
}

% [3] in SBPA2018
@manual{3TizenWikiBB,
  title = {Tizen IoT / Tizen Building Blocks},
  author={Woochang Kim},
  organization = {Tizen},
  url={https://wiki.tizen.org/Tizen_IoT/tbb#Structure_of_Building_Blocks},
  year = {2017},
}

% [4] in SBPA2018
@misc{4LeeKeynote2017TDC,
  title = {What's Next with {Tizen}?},
  author={Hyogun Lee},
  howpublished = {Tizen Developer Conference Keynote},
  month = {May},
  year = {2017},
  note = {Keynote Speech},
}

% [5] in SBPA2018
@misc{5CraftroomURL,
  title = {Craftroom},
  organization = {Tizen},
  url={https://craftroom.tizen.org},
  year = {2017},
}

% [6] in SBPA2018
@misc{6GerritURL,
  title = {Gerrit Code Review},
  URL = {https://www.gerritcodereview.com},
}

% [7] in SBPA2018
@misc{7TizenBBRuleURL,
  title = {Tizen Building Block Rules},
  URL = {https://git.tizen.org/cgit/tools/building-blocks/plain/RULES},
  year = {2017},
}

% [8] in SBPA2018
@misc{8TizenBBRuleCheckerURL,
  title = {Tizen Building Block Rule Checker},
  URL = {https://git.tizen.org/cgit/tools/building-blocks/plain/rule_checker.py},
  year = {2017},
}

% [9] in SBPA2018
@misc{9TizenKSGitURL,
  title = {Tizen KickStarter Git Repository},
  URL = {https://git.tizen.org/cgit/platform/upstream/kickstarter},
}

%[10] in SBPA2018
@misc{10TAOSGithubURL,
  title = {TAOS Github Repository},
  URL = {invalid in outside},
}

%[11] in SBPA2018
@inproceedings{11Mancinelli2006ASE,
 author = {Mancinelli, Fabio and Boender, Jaap and di Cosmo, Roberto and Vouillon, Jerome and Durak, Berke and Leroy, Xavier and Treinen, Ralf},
 title = {Managing the Complexity of Large Free and Open Source Package-Based Software Distributions},
 booktitle = {Proceedings of the 21st IEEE/ACM International Conference on Automated Software Engineering},
 series = {ASE '06},
 year = {2006},
 isbn = {0-7695-2579-2},
 pages = {199--208},
 numpages = {10},
 url = {http://dx.doi.org/10.1109/ASE.2006.49},
 doi = {10.1109/ASE.2006.49},
 acmid = {1169319},
 publisher = {IEEE Computer Society},
 address = {Washington, DC, USA},
} 

%{12] in SBPA2018
@book{12Smith2011SBSBook,
 author = {Smith, Peter},
 title = {Software Build Systems: Principles and Experience},
 year = {2011},
 isbn = {9780321717283},
 edition = {1st},
 publisher = {Addison-Wesley Professional},
} 


%[13] in SBPA2018
@inproceedings{13Galindo2010DebianPR,
  title={Debian Packages Repositories as Software Product Line Models. Towards Automated Analysis},
  author={Jos{\'e} A. Galindo and David Benavides and Sergio Segura},
  booktitle={ACoTA},
  year={2010}
}

%[14] in SBPA2018
@inproceedings{14DiCosmo2008PUF,
 author = {Di Cosmo, Roberto and Zacchiroli, Stefano and Trezentos, Paulo},
 title = {Package Upgrades in FOSS Distributions: Details and Challenges},
 booktitle = {Proceedings of the 1st International Workshop on Hot Topics in Software Upgrades},
 series = {HotSWUp '08},
 year = {2008},
 isbn = {978-1-60558-304-4},
 location = {Nashville, Tennessee},
 pages = {7:1--7:5},
 articleno = {7},
 numpages = {5},
 url = {http://doi.acm.org/10.1145/1490283.1490292},
 doi = {10.1145/1490283.1490292},
 acmid = {1490292},
 publisher = {ACM},
 address = {New York, NY, USA},
 keywords = {FOSS, distribution, packages, rollback, upgrade},
} 

%{15] in SBPA2018
@inproceedings{15abate2017debian,
  TITLE = {{Adoption of Academic Tools in Open Source Communities: The Debian Case Study}},
  AUTHOR = {Abate, Pietro and Cosmo, Roberto Di},
  URL = {https://hal.inria.fr/hal-01776283},
  NOTE = {Part 4: Case Studies},
  BOOKTITLE = {{13th IFIP International Conference on Open Source Systems (OSS)}},
  ADDRESS = {Buenos Aires, Argentina},
  EDITOR = {Federico Balaguer and Roberto Di Cosmo and Alejandra Garrido and Fabio Kon and Gregorio Robles and Stefano Zacchiroli},
  PUBLISHER = {{Springer International Publishing}},
  SERIES = {Open Source Systems: Towards Robust Practices},
  VOLUME = {AICT-496},
  PAGES = {139-150},
  YEAR = {2017},
  MONTH = May,
  DOI = {10.1007/978-3-319-57735-7\_14},
  PDF = {https://hal.inria.fr/hal-01776283/file/432701_1_En_14_Chapter.pdf},
  HAL_ID = {hal-01776283},
  HAL_VERSION = {v1},
}

%[16] in SBPA2018
@manual{16Schroeder2007SatSolverURL,
  TITLE={satsolver SAT Solver for package management},
  author={Michael Schroeder},
  year = {2007},
  url = {https://doc.opensuse.org/projects/satsolver/SLE11SP3/},
}

%[17] in SBPA2018
@manual{17GBS2014TizenURL,
  TITLE={Git BUild System},
  year = {2014},
  url = {https://source.tizen.org/documentation/reference/git-build-system},
}

%[18] in SBPA2018
@manual{18MIC2014TizenURL,
  TITLE = {MIC Image Creator},
  url = {https://source.tizen.org/documentation/reference/mic-image-creator},
  year = {2014},
}

%[19] in SBPA2018
@misc{19OBS_URL,
  TITLE = {Open Build Service (OBS)},
  url = {https://openbuildservice.org},
}

%[20] in SBPA2018
@misc{20Zypper_URL,
  TITLE = {Zypper},
  url = {https://en.opensuse.org/Portal:Zypper},
}

%[21] in SBPA2018
@INPROCEEDINGS{21Kivity07kvm,
    author = {Avi Kivity and Yaniv Kamay and Dor Laor and Uri Lublin and Anthony Liguori},
    title = {KVM: the Linux Virtual Machine Monitor},
    booktitle = {In Proceedings of the 2007 Ottawa Linux Symposium (OLSâ€™-07},
    year = {2007}
}

%[22] in SBPA2018
@book{22foster2002red,
  title={Red Hat RPM Guide},
  author={Foster-Johnson, E.},
  isbn={9780764549656},
  lccn={2002114860},
  url={https://books.google.co.kr/books?id=L5hOQj-pQrwC},
  year={2002},
  publisher={Wiley}
}

%[23] in SBPA2018
@manual{23tizenstudio2018,
  title = {Tizen Studio},
  year = {2018},
  url = {https://developer.tizen.org/development/tizen-studio},
}

%[24] in ICSE2019
@article{blackman2000debian,
  title={Debian Package Management, Part 1: A User's Guide},
  author={Blackman, David},
  journal={Linux Journal},
  volume={2000},
  number={80es},
  pages={12},
  year={2000},
  publisher={Belltown Media}
}

%[25] in ICSE2019
@book{foster2003red,
  title={Red Hat RPM Guide},
  author={Foster-Johnson, Eric},
  year={2003},
  publisher={Wiley New York}
}

%[26] in ICSE2019
@book{Streif:2016:ELS:3051933,
 author = {Streif, Rudolf J.},
 title = {Embedded Linux Systems with the Yocto Project},
 year = {2016},
 isbn = {0133443248, 9780133443240},
 edition = {1st},
 publisher = {Prentice Hall Press},
 address = {Upper Saddle River, NJ, USA},
} 

